<?xml version="1.0" encoding="UTF-8"?><collection xmlns="http://www.loc.gov/MARC21/slim"><record><leader>00749nam--2200193-u-4500</leader><controlfield tag="001">000053592</controlfield><controlfield tag="002">20161230</controlfield><controlfield tag="005">20161230201051</controlfield><controlfield tag="008">110502s1000------------r-----000-0-rum-d</controlfield><datafield ind1=" " ind2=" " tag="040"><subfield code="a">IFIN-HH</subfield></datafield><datafield ind1=" " ind2=" " tag="041"><subfield code="a">rum</subfield></datafield><datafield ind1=" " ind2=" " tag="080"><subfield code="a">535.37</subfield></datafield><datafield ind1="1" ind2=" " tag="100"><subfield code="a">Roman, Miruna</subfield></datafield><datafield ind1="1" ind2="0" tag="245"><subfield code="a">Studiu spectroscopic al efectelor de stress termic asupra membranei fotosintetice relatii cu datele eco-fiziologice. (etude spectroscopique des effets de stress thermique sur la membrane photosynthetique, relations avec les donnes eco-physicologique)</subfield><subfield code="b">Rezumatul tezei</subfield><subfield code="c">Miruna roman</subfield></datafield><datafield ind1=" " ind2=" " tag="260"><subfield code="a">Bucuresti</subfield><subfield code="b">Ifa</subfield><subfield code="c">2000</subfield></datafield><datafield ind1=" " ind2=" " tag="300"><subfield code="a">48P</subfield></datafield><datafield ind1=" " ind2=" " tag="500"><subfield code="a">Conducator Stiintific: Prof. Dr. M.L. Pascu; Prof Dr. G. Cornic</subfield></datafield><datafield ind1=" " ind2=" " tag="852"><subfield code="a">81197</subfield><subfield code="c">535.37</subfield></datafield><datafield ind1=" " ind2=" " tag="CAT"><subfield code="a">Sys</subfield><subfield code="c">20110502</subfield><subfield code="h">150405</subfield></datafield></record></collection>